
@article {AOT1,
	AUTHOR = {Azouani, Abderrahim and Olson, Eric and Titi, Edriss S.},
	TITLE = {Continuous data assimilation using general interpolant
	observables},
	JOURNAL = {J. Nonlinear Sci.},
	FJOURNAL = {Journal of Nonlinear Science},
	VOLUME = {24},
	YEAR = {2014},
	NUMBER = {2},
	PAGES = {277--304},
	ISSN = {0938-8974},
	MRCLASS = {76D05 (35Q30 37C50)},
	MRNUMBER = {3183055},
	MRREVIEWER = {Jos\'e A. Langa},
	URL = {https://doi.org/10.1007/s00332-013-9189-y},
}
@article {AOT2,
	AUTHOR = {Azouani, Abderrahim and Titi, Edriss S.},
	TITLE = {Feedback control of nonlinear dissipative systems by finite
	determining parameters---a reaction-diffusion paradigm},
	JOURNAL = {Evol. Equ. Control Theory},
	FJOURNAL = {Evolution Equations and Control Theory},
	VOLUME = {3},
	YEAR = {2014},
	NUMBER = {4},
	PAGES = {579--594},
	ISSN = {2163-2480},
	MRCLASS = {93D15 (35K57 37L15 37N35 93C20)},
	MRNUMBER = {3274649},
	MRREVIEWER = {Patricia Nunes da Silva},
	URL = {https://doi.org/10.3934/eect.2014.3.579},
}